@techreport{cullen2004mad,
    title = "Mass and density, criticality relationships, generalized",
    author = "D. E. Cullen",
    month = "June",
    year = "2004",
    institution = "LLNL",
    address = "Livermore, CA",
    number = "UCRL-TR-204988"
}
@article{shikhov1959cec,
    title = "Calculating the effect of a change in dimensions on the critical mass of a fast reactor using the perturbation theory",
    author = "S. B. Shikhov",
    journal = "Atomnaya Energiya",
    volume = "6",
    number = "2",
    pages = "162â€“-168",
    year = "1959"
}
@conference{reed2012vdp,
    title = "The `virtual density' principle of neutronics and its application to geometric perturbation theory",
    author = "M. Reed and K. Smith and B. Forget",
    booktitle = "2012 American Nuclear Society ({ANS}) Winter Conference",
    month = "November",
    year = "2012"
}
@techreport{mcnp6,
    title = "{MCNP6} user's manual",
    author = "X-5 Monte Carlo Team",
    month = "December",
    year = "2012",
    institution = "LANL",
    address = "Los Alamos, NM",
    number = "LA-CP-11-01708"
}
